
@article{hajjeh_ibrahim_protocole_2006,
	title = {Le protocole {SSH}},
	volume = {base documentaire : TIP440WEB},
	url = {https://www.techniques-ingenieur.fr/base-documentaire/technologies-de-l-information-th9/cryptographie-authentification-protocoles-de-securite-vpn-42314210/le-protocole-ssh-h5235/},
	doi = {10.51257/a-v1-h5235},
	abstract = {Le protocole SSH (Secure Schell) constitue une approche puissante, pratique et sécurisé pour protéger les communications sur un réseau d’ordinateurs, notamment les opérations sensibles, la transmission de fichiers, les fonctionnalités importantes telles que le tunneling et la redirection de port. Cet article se focalise sur le protocole de la version 2, normalisée en 2006, sa phase d’initialisation et les différentes méthodes d’authentification qui y sont intégrées, ainsi que sur la solution SSH VPN. Il s’intéresse ensuite à l’actuelle utilisation du protocole SSH dans l’accès aux équipements distants, puis à son avenir.},
	language = {fre},
	number = {ref. article : h5235},
	journal = {Techniques de l'ingénieur Sécurité des systèmes d'information},
	author = {{HAJJEH Ibrahim} and {BADRA Mohamad}},
	month = oct,
	year = {2006},
	note = {Publisher: Editions T.I.},
	file = {HAJJEH Ibrahim and BADRA Mohamad - 2006 - Le protocole SSH.pdf:C\:\\Users\\sylva\\Zotero\\storage\\VPZ6C7R6\\HAJJEH Ibrahim and BADRA Mohamad - 2006 - Le protocole SSH.pdf:application/pdf},
}

@techreport{lonvick_secure_2006,
	type = {Request for {Comments}},
	title = {The {Secure} {Shell} ({SSH}) {Transport} {Layer} {Protocol}},
	url = {https://datatracker.ietf.org/doc/rfc4253},
	abstract = {The Secure Shell (SSH) is a protocol for secure remote login and other secure network services over an insecure network. This document describes the SSH transport layer protocol, which typically runs on top of TCP/IP. The protocol can be used as a basis for a number of secure network services. It provides strong encryption, server authentication, and integrity protection. It may also provide compression. Key exchange method, public key algorithm, symmetric encryption algorithm, message authentication algorithm, and hash algorithm are all negotiated. This document also describes the Diffie-Hellman key exchange method and the minimal set of algorithms that are needed to implement the SSH transport layer protocol. [STANDARDS-TRACK]},
	number = {RFC 4253},
	urldate = {2023-11-03},
	institution = {Internet Engineering Task Force},
	author = {Lonvick, Chris M. and Ylonen, Tatu},
	month = jan,
	year = {2006},
	doi = {10.17487/RFC4253},
	note = {Num Pages: 32},
	file = {Full Text PDF:C\:\\Users\\sylva\\Zotero\\storage\\GV5F3UWG\\Lonvick et Ylonen - 2006 - The Secure Shell (SSH) Transport Layer Protocol.pdf:application/pdf},
}

@misc{une_main_lave_lautre_agregation_interne_oral_101_groupes_monogenes_groupes_cycliques_exemplespdf_nodate,
	title = {agregation\_interne\_oral\_101\_groupes\_monogenes\_groupes\_cycliques\_exemples.pdf},
	url = {http://unemainlavelautre.net/concours_examens/agregation_interne_2019_maths_lecons_et_exercices/agregation_interne_oral_101_groupes_monogenes_groupes_cycliques_exemples.pdf},
	urldate = {2023-11-21},
	author = {une main lave l'autre},
	file = {agregation_interne_oral_101_groupes_monogenes_groupes_cycliques_exemples.pdf:C\:\\Users\\sylva\\Zotero\\storage\\9EMBRBYP\\agregation_interne_oral_101_groupes_monogenes_groupes_cycliques_exemples.pdf:application/pdf},
}

@article{fouque_cryptographie_2003,
	title = {Cryptographie appliquée},
	url = {https://www.techniques-ingenieur.fr/doi/10.51257/a/v2/h5210},
	doi = {10.51257/a-v2-h5210},
	urldate = {2023-09-22},
	journal = {Sécurité des systèmes d'information},
	author = {Fouque, Pierre-Alain},
	month = nov,
	year = {2003},
}

@article{memmi_note_nodate,
	title = {Note sur la cryptanalyse de {Diffie}-{Hellman}},
	author = {Memmi, Gerard and Rambaud, Matthieu},
	file = {Memmi and Rambaud - Note sur la cryptanalyse de Diffie-Hellman.pdf:C\:\\Users\\sylva\\Zotero\\storage\\DZS3P3HB\\Memmi and Rambaud - Note sur la cryptanalyse de Diffie-Hellman.pdf:application/pdf},
}

@misc{anssi_guide_2020,
	title = {{GUIDE} {DES} {MÉCANISMES} {CRYPTOGRAPHIQUES}},
	shorttitle = {A {N} {S} {S} {I} {P} {G} 0 8 3 2 0 2 0 0 1 0 1},
	abstract = {RÈGLES ET RECOMMANDATIONS CONCERNANT LE CHOIX ET LE DIMENSIONNEMENT DES MÉCANISMES CRYPTOGRAPHIQUES},
	publisher = {Premier Ministre},
	author = {{ANSSI}},
	month = jan,
	year = {2020},
	file = {anssi-guide-mecanismes_crypto-2.04.pdf:C\:\\Users\\sylva\\Zotero\\storage\\NP27N87W\\anssi-guide-mecanismes_crypto-2.04.pdf:application/pdf},
}

@misc{centre_henri_lebesgue_david_2017,
	title = {David {Lubicz} - {Le} problème du logarithme discret},
	url = {https://www.youtube.com/watch?v=Ds-kHs6yb5E},
	abstract = {Nous expliquons ce qu'est le problème du logarithme discret sur lequel repose la sécurité de la plupart des crypto-systèmes à clef publique actuellement déployés. Nous présentons des algorithmes efficaces pour résoudre le problème du logarithme discret si on n'utilise que la loi de groupe. Nous montrons qu'il n'est pas possible de beaucoup améliorer la vitesse de ces algorithmes.},
	urldate = {2023-11-02},
	author = {{Centre Henri Lebesgue}},
	month = sep,
	year = {2017},
}

@article{gluher_probleme_nodate,
	title = {{PROBLÈME} {DU} {LOGARITHME} {DISCRET} {APPLIQUÉ} À {LA} {CRYPTANALYSE} {SUR} {COURBES} {ELLIPTIQUES} : {ALGORITHME} {MOV}},
	author = {Gluher, Aude Le},
	file = {Gluher - PROBLÈME DU LOGARITHME DISCRET APPLIQUÉ À LA CRYPT.pdf:C\:\\Users\\sylva\\Zotero\\storage\\PJ4TXJ2X\\Gluher - PROBLÈME DU LOGARITHME DISCRET APPLIQUÉ À LA CRYPT.pdf:application/pdf},
}

@article{serrano_chacha20poly1305_2022,
	title = {{ChaCha20}–{Poly1305} {Authenticated} {Encryption} with {Additional} {Data} for {Transport} {Layer} {Security} 1.3},
	volume = {6},
	doi = {10.3390/cryptography6020030},
	journal = {Cryptography},
	author = {Serrano, Ronaldo and Duran, Ckristian and Sarmiento, Marco and Pham, Cong-Kha and Hoang, Trong-Thuc},
	month = jun,
	year = {2022},
	pages = {30},
}

@misc{castagnos_cours_2023,
	title = {Cours de cryptologie avancée},
	url = {https://www.math.u-bordeaux.fr/~gcastagn/CryptoAv/CoursCryptoAv-23-24.pdf},
	urldate = {2023-11-02},
	author = {CASTAGNOS, Guilhem},
	month = sep,
	year = {2023},
	file = {CoursCryptoAv-23-24.pdf:C\:\\Users\\sylva\\Zotero\\storage\\QYRUSLJL\\CoursCryptoAv-23-24.pdf:application/pdf},
}

@article{friedl_echange_nodate,
	title = {Échange de groupe {Diffie}-{Hellman} pour le protocole de couche {Transport} {Secure} {Shell} ({SSH})},
	url = {https://www.academia.edu/2891047/%C3%89change_de_groupe_Diffie_Hellman_pour_le_protocole_de_couche_Transport_Secure_Shell_SSH_},
	author = {Friedl, M and Provos, N and Simpson, W},
	file = {Friedl et al. - Échange de groupe Diffie-Hellman pour le protocole.pdf:C\:\\Users\\sylva\\Zotero\\storage\\TWDRC7M8\\Friedl et al. - Échange de groupe Diffie-Hellman pour le protocole.pdf:application/pdf},
}

@misc{johsilve_diehellman_nodate,
	title = {Di–e\{\vphantom{\}}{Hellman} key exchange},
	url = {https://www.math.brown.edu/johsilve/MathCrypto/SampleSections.pdf},
	author = {{johsilve}},
	file = {SampleSections.pdf:C\:\\Users\\sylva\\Zotero\\storage\\GFGM6FG3\\SampleSections.pdf:application/pdf},
}

@misc{ellipses_groupes_nodate,
	title = {Groupes monogènes. {Groupes} cycliques. {Exemples}},
	url = {https://www.editions-ellipses.fr/PDF/9782340017870_extrait.pdf},
	urldate = {2023-11-21},
	author = {Ellipses, Editions},
	file = {9782340017870_extrait.pdf:C\:\\Users\\sylva\\Zotero\\storage\\AIQZVQS6\\9782340017870_extrait.pdf:application/pdf},
}

@misc{polytechnique_groupepdf_nodate,
	title = {Groupe.pdf},
	url = {http://www.cmls.polytechnique.fr/perso/harinck/DocEv/cours/Groupe},
	urldate = {2023-11-18},
	publisher = {Polytechnique},
	author = {Polytechnique, CMLS},
	file = {Groupe.pdf:C\:\\Users\\sylva\\Zotero\\storage\\VT78DVT6\\Groupe.pdf:application/pdf},
}

@misc{noauthor_sous-groupe_nodate,
	title = {Sous-groupe},
	url = {https://www.bibmath.net/dico/index.php?action=affiche&quoi=./s/sousgroupe.html},
	urldate = {2023-11-16},
	file = {Sous-groupe:C\:\\Users\\sylva\\Zotero\\storage\\DE76NLQZ\\index.html:text/html},
}

@misc{noauthor_groupe_nodate,
	title = {Groupe},
	url = {https://www.bibmath.net/dico/index.php?action=affiche&quoi=./g/groupe.html},
	urldate = {2023-11-16},
	file = {Groupe:C\:\\Users\\sylva\\Zotero\\storage\\PNNSEC6C\\index.html:text/html},
}

@misc{noauthor_what_nodate,
	title = {What is an {SSH} {Host} {Key} \& {How} are {They} {Configured}?},
	url = {https://www.ssh.com/academy/ssh/host-key},
	abstract = {A host key is a cryptographic key used for authenticating computers in the SSH protocol.},
	urldate = {2023-11-26},
	file = {Snapshot:C\:\\Users\\sylva\\Zotero\\storage\\9FNPT4DX\\host-key.html:text/html},
}

@misc{gerossier_cours_2020,
	title = {Cours de réseaux - {DUT} {GEII} {CITISE} - {S3}},
	author = {Gérossier, Franck},
	year = {2020},
}

@misc{cadegros_etude_2023,
	title = {Etude des trames {SSH} avec {Wireshark}},
	author = {Cadegros, Thomas and Prost, Sylvain},
	month = oct,
	year = {2023},
}

@misc{nagaraj_understanding_2023,
	title = {Understanding {ChaCha20} {Encryption}: {A} {Secure} and {Fast} {Algorithm} for {Data} {Protection} {\textbar} 2023},
	shorttitle = {Understanding {ChaCha20} {Encryption}},
	url = {https://cyberw1ng.medium.com/understanding-chacha20-encryption-a-secure-and-fast-algorithm-for-data-protection-2023-a80c208c1401},
	abstract = {Everything You Need to Know About the ChaCha20 Encryption Algorithm {\textbar} Karthikeyan Nagaraj},
	language = {en},
	urldate = {2023-12-12},
	journal = {Medium},
	author = {Nagaraj, Karthikeyan},
	month = sep,
	year = {2023},
	file = {Snapshot:C\:\\Users\\sylva\\Zotero\\storage\\4XR9TIZ8\\understanding-chacha20-encryption-a-secure-and-fast-algorithm-for-data-protection-2023-a80c208c.html:text/html},
}

@techreport{nir_chacha20_2015,
	type = {Request for {Comments}},
	title = {{ChaCha20} and {Poly1305} for {IETF} {Protocols}},
	url = {https://datatracker.ietf.org/doc/rfc7539},
	abstract = {This document defines the ChaCha20 stream cipher as well as the use of the Poly1305 authenticator, both as stand-alone algorithms and as a "combined mode", or Authenticated Encryption with Associated Data (AEAD) algorithm. This document does not introduce any new crypto, but is meant to serve as a stable reference and an implementation guide. It is a product of the Crypto Forum Research Group (CFRG).},
	number = {RFC 7539},
	urldate = {2023-12-12},
	institution = {Internet Engineering Task Force},
	author = {Nir, Yoav and Langley, Adam},
	month = may,
	year = {2015},
	doi = {10.17487/RFC7539},
	note = {Num Pages: 45},
	file = {Full Text PDF:C\:\\Users\\sylva\\Zotero\\storage\\8CQVLRY4\\Nir et Langley - 2015 - ChaCha20 and Poly1305 for IETF Protocols.pdf:application/pdf},
}

@book{cormen_algorithmes_2013,
	title = {Algorithmes : {Notions} de base - {Chap}.8 p.151},
	isbn = {978-2-10-070151-3},
	shorttitle = {Algorithmes},
	url = {http://unr-ra.scholarvox.com/book/88817457},
	abstract = {Connaître les bases du fonctionnement des algorithmes est essentiel pour tout futur informaticien. Le but de ce livre est d'expliquer comment fonctionnent les algorithmes et comment on peut les évaluer. Il explique également comment modéliser un problème de façon à ce qu'il puisse être résolu par un ordinateur.
	
		Connaître les bases du fonctionnement des algorithmes est essentiel pour tout futur "ingénieur" . Savoir par exemple comment un GPS calcule et optimise un itinéraire en quelques secondes, ou comment une transaction en ligne peut-être cryptée et sécurisée. Certains livres sur les algorithmes sont très abstraits, d'autres au contraire proposent des trucs et astuces pour programmer. Celui-ci est entre les deux : il a parfois recours aux mathématiques pour expliquer certaines notions, mais elles ont été réduites au strict minimum, et aucune expérience de la programmation n'est requise. Le but de ce livre est d'expliquer comment fonctionnent les algorithmes et comment on peut les évaluer. Il explique également comment modéliser un problème de façon à ce qu'il puisse être résolu par un ordinateur.},
	urldate = {2023-12-12},
	publisher = {Dunod},
	author = {Cormen, Thomas},
	year = {2013},
	file = {Snapshot:C\:\\Users\\sylva\\Zotero\\storage\\NMQAEMXV\\88817457.html:text/html},
}

@article{hostalot_attaque_nodate,
	title = {Attaque par factorisation contre {RSA}},
	url = {https://www.academia.edu/53891839/Attaque_par_factorisation_contre_RSA},
	language = {fr},
	author = {Hostalot, Daniel Lerch},
	file = {Hostalot - Attaque par factorisation contre RSA.pdf:C\:\\Users\\sylva\\Zotero\\storage\\IZNTSQXV\\Hostalot - Attaque par factorisation contre RSA.pdf:application/pdf},
}

@phdthesis{bouvier_algorithmes_2015,
	type = {phdthesis},
	title = {Algorithmes pour la factorisation d'entiers et le calcul de logarithme discret},
	url = {https://theses.hal.science/tel-01751648},
	abstract = {Dans cette thèse, nous étudions les problèmes de la factorisation d'entier et de calcul de logarithme discret dans les corps finis. Dans un premier temps, nous nous intéressons à l'algorithme de factorisation d'entier ECM et présentons une méthode pour analyser les courbes elliptiques utilisées dans cet algorithme en étudiant les propriétés galoisiennes des polynômes de division. Ensuite, nous présentons en détail l'algorithme de factorisation d'entier NFS, et nous nous intéressons en particulier à l'étape de sélection polynomiale pour laquelle des améliorations d'algorithmes existants sont proposées. Puis, nous présentons les algorithmes NFS-DL et FFS pour le calcul de logarithme discret dans les corps finis. Nous donnons aussi des détails sur deux calculs de logarithme discret effectués durant cette thèse, l'un avec NFS-DL et l'autre avec FFS. Enfin, nous étudions une étape commune à l'algorithme NFS pour la factorisation et aux algorithmes NFS-DL et FFS pour le calcul de logarithme discret: l'étape de filtrage. Nous l'étudions en détail et nous présentons une amélioration dont nous validons l'impact en utilisant des données provenant de plusieurs calculs de factorisation et de logarithme discret.},
	language = {fr},
	urldate = {2023-12-13},
	school = {Université de Lorraine},
	author = {Bouvier, Cyril},
	month = jun,
	year = {2015},
	file = {Full Text PDF:C\:\\Users\\sylva\\Zotero\\storage\\RJEYT4XT\\Bouvier - 2015 - Algorithmes pour la factorisation d'entiers et le .pdf:application/pdf},
}

@misc{noauthor_boutisme_2023,
	title = {Boutisme},
	copyright = {Creative Commons Attribution-ShareAlike License},
	url = {https://fr.wikipedia.org/w/index.php?title=Boutisme&oldid=210382174},
	abstract = {En informatique, le nombre entier est un type de données qui est généralement représenté sur plusieurs octets. Le boutisme (endianness en anglais) ou plus rarement endianisme désigne l'ordre dans lequel ces octets sont placés. Il existe deux conventions opposées : l'orientation gros-boutiste (ou gros-boutienne) qui démarre avec les octets de poids forts, et l'orientation inverse petit-boutiste (ou petit-boutienne).
L'expression est utilisée de manière plus générale pour désigner l'ordre des chiffres dans un système de numération positionnel (par exemple celui des bits).
Le choix du boutisme est typiquement fixé par l'architecture du processeur, ou par le format de données d'un fichier ou d'un protocole.},
	language = {fr},
	urldate = {2023-12-13},
	journal = {Wikipédia},
	month = dec,
	year = {2023},
	note = {Page Version ID: 210382174},
	file = {Snapshot:C\:\\Users\\sylva\\Zotero\\storage\\HMM2DG44\\Boutisme.html:text/html},
}

@misc{cadegros_authentification_2023,
	title = {Authentification du client par {SSH}-{PublicKey}},
	language = {fr},
	author = {Cadegros, Thomas and Prost, Sylvain},
	month = dec,
	year = {2023},
	file = {PublicKey_Aiuthentification_Method.jpg:C\:\\Users\\sylva\\Zotero\\storage\\42HVD9DC\\PublicKey_Aiuthentification_Method.jpg:image/jpeg},
}

@misc{provos_openssh_nodate,
	title = {{OpenSSH} {Manual} -  {Diffie}-{Hellman} {Group} {Exchange} for the {Secure} {Shell} ({SSH}) {Transport} {Layer} {Protocol}},
	url = {https://www.ietf.org/rfc/rfc4419.txt},
	abstract = {This memo describes a new key exchange method for the Secure Shell
   (SSH) protocol.  It allows the SSH server to propose new groups on
   which to perform the Diffie-Hellman key exchange to the client.  The
   proposed groups need not be fixed and can change with time.},
	language = {English},
	urldate = {2023-12-17},
	journal = {https://www.openssh.com/manual.html},
	author = {Provos, N and Friedl, M and Simpson, W},
	file = {ietf.org/rfc/rfc4419.txt:C\:\\Users\\sylva\\Zotero\\storage\\J29XS5A2\\rfc4419.html:text/html},
}

@misc{noauthor_telnet_2022,
	title = {Telnet},
	copyright = {Creative Commons Attribution-ShareAlike License},
	url = {https://fr.wikipedia.org/w/index.php?title=Telnet&oldid=192333753},
	abstract = {Telnet (terminal network ou telecommunication network, ou encore teletype network) est un protocole utilisé sur tout réseau TCP/IP, permettant de communiquer avec un serveur distant en échangeant des lignes de texte et en recevant des réponses également sous forme de texte.
Créé en 1969, telnet est un moyen de communication très généraliste et bi-directionnel. Il appartient à la couche application du modèle OSI et du modèle ARPA. Il est normalisé par l'IETF (RFC 15, 854 et 855).
Il était notamment utilisé pour administrer des serveurs UNIX distant ou de l'équipement réseau, avant de tomber en désuétude par défaut de sécurisation (le texte étant échangé en clair) et l'adoption de SSH.},
	language = {fr},
	urldate = {2023-12-17},
	journal = {Wikipédia},
	month = mar,
	year = {2022},
	note = {Page Version ID: 192333753},
	file = {Snapshot:C\:\\Users\\sylva\\Zotero\\storage\\W6UA33RT\\Telnet.html:text/html},
}

@techreport{lonvick_secure_2006-1,
	type = {Request for {Comments}},
	title = {The {Secure} {Shell} ({SSH}) {Protocol} {Architecture}},
	url = {https://datatracker.ietf.org/doc/rfc4251},
	abstract = {The Secure Shell (SSH) Protocol is a protocol for secure remote login and other secure network services over an insecure network. This document describes the architecture of the SSH protocol, as well as the notation and terminology used in SSH protocol documents. It also discusses the SSH algorithm naming system that allows local extensions. The SSH protocol consists of three major components: The Transport Layer Protocol provides server authentication, confidentiality, and integrity with perfect forward secrecy. The User Authentication Protocol authenticates the client to the server. The Connection Protocol multiplexes the encrypted tunnel into several logical channels. Details of these protocols are described in separate documents. [STANDARDS-TRACK]},
	number = {RFC 4251},
	urldate = {2023-12-17},
	institution = {Internet Engineering Task Force},
	author = {Lonvick, Chris M. and Ylonen, Tatu},
	month = jan,
	year = {2006},
	doi = {10.17487/RFC4251},
	note = {Num Pages: 30},
	file = {Full Text PDF:C\:\\Users\\sylva\\Zotero\\storage\\EMQM6997\\Lonvick et Ylonen - 2006 - The Secure Shell (SSH) Protocol Architecture.pdf:application/pdf},
}

@misc{noauthor_attaques_nodate,
	title = {Attaques des systèmes},
	url = {https://www.techniques-ingenieur.fr/base-documentaire/technologies-de-l-information-th9/cybersecurite-attaques-et-mesures-de-protection-des-si-42313210/attaques-des-systemes-h5832/},
	abstract = {Cet article est consacré aux attaques des systèmes informatiques, menaces devenues plus que préoccupantes en quelques années car accessibles maintenant à un très grand nombre. Il s’intéresse plus spécifiquement aux techniques, méthodes et outils  pour identifier les services des réseaux et le système d’exploitation offerts par la machine. Ce sont par ces points d’entrée que le pirate pénétrera dans l’ordinateur.},
	language = {fr},
	urldate = {2023-12-17},
	journal = {Techniques de l'Ingénieur},
}

@misc{noauthor_definition_nodate,
	title = {Définition de boutisme {\textbar} {Dictionnaire} français},
	url = {https://www.lalanguefrancaise.com/dictionnaire/definition/boutisme},
	abstract = {Définition de boutisme : dictionnaire, étymologie, phonétique, citations littéraires, synonymes et antonymes de « boutisme »},
	language = {fr},
	urldate = {2023-12-17},
	journal = {La langue française},
	file = {Snapshot:C\:\\Users\\sylva\\Zotero\\storage\\G7WW8BIK\\boutisme.html:text/html},
}

@misc{rostam_groupe_nodate,
	title = {Groupe multiplicatif d’un corps ﬁni},
	url = {https://perso.univ-rennes1.fr/ludovic.marquis/enseign/2018-19/THGG_2018/cor_exo4_F1.5.pdf},
	language = {fr},
	urldate = {2023-05-12},
	publisher = {Univesité de Rennes1},
	author = {Rostam, Salim},
	file = {Rostam - Groupe multiplicatif d’un corps ﬁni.pdf:C\:\\Users\\sylva\\Zotero\\storage\\AEN9DLI7\\Rostam - Groupe multiplicatif d’un corps ﬁni.pdf:application/pdf},
}

@misc{cadegros_authentification_2023-1,
	title = {Authentification du serveur},
	author = {Cadegros, Thomas and Prost, Sylvain},
	month = dec,
	year = {2023},
}

@article{perlman_overview_1999,
	title = {An overview of {PKI} trust models},
	volume = {13},
	issn = {1558-156X},
	url = {https://ieeexplore.ieee.org/abstract/document/806987},
	doi = {10.1109/65.806987},
	abstract = {If Alice and Bob each know their own private key and the other's public key, they can communicate securely, through any number of public key based protocols such as IPSec, PGP, S/MIME, or SSL. However, how do they know each other's public keys? The goal of a public key infrastructure (PKI) is to enable secure, convenient, and efficient discovery of public keys. It should be applicable within as well as between organizations, and scalable to support the Internet. There are various types of PKI that are widely deployed or have been proposed. They differ in the configuration information required, trust rules, and flexibility. There are standards such as X.509 and PKIX, but these are sufficiently flexible so that almost any model of PKI can be supported. We describe several types of PKI and discuss the advantages and disadvantages of each. We argue against several popular and widely deployed models as being insecure, unscalable, or overly inconvenient. We also recommend a particular model.},
	number = {6},
	urldate = {2023-12-17},
	journal = {IEEE Network},
	author = {Perlman, R.},
	month = nov,
	year = {1999},
	note = {Conference Name: IEEE Network},
	pages = {38--43},
	file = {IEEE Xplore Abstract Record:C\:\\Users\\sylva\\Zotero\\storage\\2E3787KH\\806987.html:text/html},
}

@article{mclaren_deriving_2019,
	title = {Deriving {ChaCha20} key streams from targeted memory analysis},
	volume = {48},
	issn = {2214-2126},
	url = {https://www.sciencedirect.com/science/article/pii/S2214212619300997},
	doi = {10.1016/j.jisa.2019.102372},
	abstract = {There can be performance and vulnerability concerns with block ciphers, thus stream ciphers can used as an alternative. Although many symmetric key stream ciphers are fairly resistant to side-channel attacks, cryptographic artefacts may exist in memory. This paper identifies a significant vulnerability within OpenSSH and OpenSSL and which involves the discovery of cryptographic artefacts used within the ChaCha20 cipher. This can allow for the cracking of tunneled data using a single targeted memory extraction. With this, law enforcement agencies and/or malicious agents could use the vulnerability to take copies of the encryption keys used for each tunnelled connection. The user of a virtual machine would not be alerted to the capturing of the encryption key, as the method runs from an extraction of the running memory. Methods of mitigation include making cryptographic artefacts difficult to discover and limiting memory access.},
	urldate = {2023-12-17},
	journal = {Journal of Information Security and Applications},
	author = {McLaren, Peter and Buchanan, William J. and Russell, Gordon and Tan, Zhiyuan},
	month = oct,
	year = {2019},
	keywords = {Chacha20, Decryption, Memory analysis, Network traffic, Secure shell, Stream ciphers, Transport layer security, Virtual machine introspection},
	pages = {102372},
	file = {ScienceDirect Snapshot:C\:\\Users\\sylva\\Zotero\\storage\\EJ3YQHRK\\S2214212619300997.html:text/html;Version acceptée:C\:\\Users\\sylva\\Zotero\\storage\\Z5I68XRN\\McLaren et al. - 2019 - Deriving ChaCha20 key streams from targeted memory.pdf:application/pdf},
}

@misc{noauthor_securite_nodate,
	title = {La sécurité du {Web} face à l’informatique quantique},
	url = {https://www.techniques-ingenieur.fr/actualite/articles/la-securite-du-web-face-a-linformatique-quantique-1678/},
	abstract = {En permettant de réaliser des calculs jusqu’ici impossibles, les ordinateurs quantiques pourraient briser les systèmes asymétriques de chiffrement. Les chercheurs tentent de trouver une parade à ces “attaques quantiques”, qui menacent la sécurité du Web.},
	language = {fr-FR},
	urldate = {2023-12-18},
	journal = {Techniques de l'Ingénieur},
	file = {Snapshot:C\:\\Users\\sylva\\Zotero\\storage\\F65GWQQB\\la-securite-du-web-face-a-linformatique-quantique-1678.html:text/html},
}

@misc{noauthor_cryptographie_nodate,
	title = {Cryptographie symétrique},
	url = {https://www.techniques-ingenieur.fr/base-documentaire/technologies-de-l-information-th9/cryptographie-authentification-protocoles-de-securite-vpn-42314210/cryptographie-appliquee-h5210/cryptographie-symetrique-h5210niv10002.html},
	abstract = {La cryptographie est une discipline scientifique à part entière qui utilise des concepts mathématiques et informatiques pour prouver la sécurité des schémas. Cet article expose les principes de conception des schémas cryptographiques de chiffrement et de signature électronique. Puis il décrit quelques limites des systèmes actuels montrant ainsi la difficulté à concevoir des systèmes sûrs. Enfin, des exemples de standards de communications sécurisées sont présentés.},
	language = {fr},
	urldate = {2023-12-18},
	journal = {Techniques de l'Ingénieur},
	file = {Snapshot:C\:\\Users\\sylva\\Zotero\\storage\\GMT64BDU\\cryptographie-symetrique-h5210niv10002.html:text/html},
}

@misc{noauthor_cryptographie_nodate-1,
	title = {Cryptographie asymétrique},
	url = {https://www.techniques-ingenieur.fr/base-documentaire/technologies-de-l-information-th9/cryptographie-authentification-protocoles-de-securite-vpn-42314210/cryptographie-appliquee-h5210/cryptographie-asymetrique-h5210niv10003.html},
	abstract = {La cryptographie est une discipline scientifique à part entière qui utilise des concepts mathématiques et informatiques pour prouver la sécurité des schémas. Cet article expose les principes de conception des schémas cryptographiques de chiffrement et de signature électronique. Puis il décrit quelques limites des systèmes actuels montrant ainsi la difficulté à concevoir des systèmes sûrs. Enfin, des exemples de standards de communications sécurisées sont présentés.},
	language = {fr},
	urldate = {2023-12-18},
	journal = {Techniques de l'Ingénieur},
	file = {Snapshot:C\:\\Users\\sylva\\Zotero\\storage\\AP8QNNLK\\cryptographie-asymetrique-h5210niv10003.html:text/html},
}

@book{jancovici_monde_2021,
	edition = {Dargaud},
	title = {Le {Monde} sans fin},
	author = {Jancovici, Jean-Marc},
	month = oct,
	year = {2021},
}
